<record><leader>00000cas a22000007a 4500</leader><controlfield tag="001">20903326</controlfield><controlfield tag="008">900116u1926uuuumnuen ne      0    0eng d</controlfield><datafield ind1=" " ind2=" " tag="010"><subfield code="a">sn 89064709 </subfield></datafield><datafield ind1=" " ind2=" " tag="040"><subfield code="a">MN#</subfield><subfield code="b">eng</subfield><subfield code="c">MN#</subfield><subfield code="d">OCLCQ</subfield></datafield><datafield ind1=" " ind2=" " tag="042"><subfield code="a">msc</subfield></datafield><datafield ind1=" " ind2=" " tag="043"><subfield code="a">n-us-mn</subfield></datafield><datafield ind1=" " ind2=" " tag="052"><subfield code="a">4144</subfield><subfield code="b">D6</subfield></datafield><datafield ind1=" " ind2=" " tag="052"><subfield code="a">4143</subfield><subfield code="b">B2</subfield></datafield><datafield ind1="0" ind2="4" tag="245"><subfield code="a">The Detronian.</subfield></datafield><datafield ind1=" " ind2=" " tag="260"><subfield code="a">Detroit, Minn. :</subfield><subfield code="b">Detroit High School Press Club,</subfield><subfield code="c">1926-</subfield></datafield><datafield ind1=" " ind2=" " tag="300"><subfield code="a">v.</subfield></datafield><datafield ind1=" " ind2=" " tag="310"><subfield code="a">Biweekly (During school year),</subfield><subfield code="b">Dec. 17, 1940-1946</subfield></datafield><datafield ind1=" " ind2=" " tag="321"><subfield code="a">Weekly (During school year),</subfield><subfield code="b">Feb. 18, 1926-1928</subfield></datafield><datafield ind1=" " ind2=" " tag="321"><subfield code="a">Monthly (during school year),</subfield><subfield code="b">&lt;Sept. 27, 1940&gt;-Nov. 3, 1940</subfield></datafield><datafield ind1="0" ind2=" " tag="362"><subfield code="a">Vol. 1, no. 19 (Feb. 18, 1926)-</subfield></datafield><datafield ind1=" " ind2=" " tag="530"><subfield code="a">Available on microfilm from the Minnesota Historical Society.</subfield></datafield><datafield ind1=" " ind2=" " tag="580"><subfield code="a">Published in Detroit news tribune, Feb. 18, 1926-Oct. 28, 1926, and: Detroit Lakes tribune, Nov. 4, 1926-May 24, 1928.</subfield></datafield><datafield ind1=" " ind2=" " tag="752"><subfield code="a">United States</subfield><subfield code="b">Minnesota</subfield><subfield code="c">Becker</subfield><subfield code="d">Detroit Lakes.</subfield></datafield><datafield ind1=" " ind2=" " tag="752"><subfield code="a">United States</subfield><subfield code="b">Minnesota</subfield><subfield code="c">Becker</subfield><subfield code="d">Detroit.</subfield></datafield><datafield ind1="1" ind2=" " tag="777"><subfield code="t">Detroit news tribune</subfield><subfield code="w">(DLC)sn 89064693</subfield></datafield><datafield ind1="1" ind2=" " tag="777"><subfield code="t">Detroit Lakes tribune</subfield><subfield code="w">(DLC)sn 89064694</subfield></datafield><datafield ind1="0" ind2="0" tag="780"><subfield code="t">School notes</subfield><subfield code="w">(DLC)sn 89064708</subfield></datafield></record>